@misc{uci-thesis-latex,
  title = {{LaTeX template for thesis and dissertation documents at UC Irvine}},
  author = {Otten, Lars},
  year = 2012,
  howpublished = {\url{https://github.com/lotten/uci-thesis-latex/}}
}

##########################
# Our own papers
##########################
@inproceedings{savrun2013,
  title={Efficient interpreter optimizations for the JVM},
  author={Savrun-Yeni{\c{c}}eri, G{\"u}lfem and Zhang, Wei and Zhang, Huahan and Li, Chen and Brunthaler, Stefan and Larsen, Per and Franz, Michael},
  booktitle={Proceedings of the 2013 International Conference on Principles and Practices of Programming on the Java Platform: Virtual Machines, Languages, and Tools},
  pages={113--123},
  year={2013},
  organization={ACM}
}

@article{savrun2014,
  title={Efficient hosted interpreters on the JVM},
  author={Savrun-Yeni{\c{c}}eri, G{\"u}lfem and Zhang, Wei and Zhang, Huahan and Seckler, Eric and Li, Chen and Brunthaler, Stefan and Larsen, Per and Franz, Michael},
  journal={ACM Transactions on Architecture and Code Optimization (TACO)},
  volume={11},
  number={1},
  pages={9},
  year={2014},
  publisher={ACM}
}

##########################
# Non academic references
##########################
@misc{pypl,
  author = {{PYPL PopularitY of Programming Language}},
  howpublished = {\url{http://pypl.github.io/PYPL.html}}
}

@misc{ruby,
    author = {{Ruby}},
    howpublished = {\url{http://www.ruby-lang.org/}}
}

@misc{jruby,
    author = {{JRuby}},
    howpublished = {\url{http://www.jruby.org/}}
}

@misc{clojure,
    author = {{Clojure}},
    howpublished = {\url{http://www.clojure.org/}}
}

@misc{rhino,
    author = {{Mozilla Foundation}},
    title = {Rhino},
    howpublished = {\url{http://www.mozilla.org/rhino/}}
}

@misc{hotspot,
    author = {{Oracle Corporation}},
    title = {{The Java HotSpot Performance Engine Architecture}},
    year = 2006
}

@misc{python,
    author = {{Python}},
    howpublished = {\url{http://www.python.org/}}
}

@misc{PEP255,
    author = {Schemenauer, Neil and Peters, Tim and Lie Hetland, Magnus},
    title = {{PEP, Python Enhancement Proposal, 255 Simple Generators}},
    howpublished = {\url{http://legacy.python.org/dev/peps/pep-0255/}}
}

@misc{ECMA262,
    author = {ECMA},
    title = {{Standard {ECMA}-262: ECMAScript Language Specification 6th Edition Draft}},
    howpublished = {\url{http://people.mozilla.org/~jorendorff/es6-draft.html}},
    year = 2014,
}

@misc{pypi,
    author = {{PyPI Ranking}},
    title = {{PyPI Python modules ranking}},
    howpublished = {\url{http://pypi-ranking.info/}}
}

@misc{github,
  author = {{GitHub}},
  howpublished = {\url{http://github.com/}}
}

#######################
# Interpreters
#######################
@inproceedings{davis2003case,
  title={The case for virtual register machines},
  author={Davis, Brian and Beatty, Andrew and Casey, Kevin and Gregg, David and Waldron, John},
  booktitle={Proceedings of the 2003 workshop on Interpreters, virtual machines and emulators},
  pages={41--49},
  year={2003},
  organization={ACM}
}

@ARTICLE{bell73,
  author = {James R. Bell},
  title = {Threaded code},
  journal = {Communications of the ACM},
  year = {1973},
  volume = {16},
  pages = {370--372},
  number = {6},
  doi = {10.1145/362248.362270},
  issn = {0001-0782},
  review = {the original reference for threaded code}
}

@incollection{Brunthaler2010inca,
 year={2010},
 isbn={978-3-642-14106-5},
 booktitle={ECOOP 2010 – Object-Oriented Programming},
 volume={6183},
 series={Lecture Notes in Computer Science},
 editor={D’Hondt, Theo},
 doi={10.1007/978-3-642-14107-2_21},
 title={{Inline Caching Meets Quickening}},
 publisher={Springer Berlin Heidelberg},
 author={Brunthaler, Stefan},
 pages={429-451},
 language={English}
}

@inproceedings{Brunthaler2010quickening,
 author = {Brunthaler, Stefan},
 title = {{Efficient Interpretation Using Quickening}},
 booktitle = {Proceedings of the 6th Symposium on Dynamic Languages},
 series = {DLS '10},
 year = {2010},
 isbn = {978-1-4503-0405-4},
 location = {Reno/Tahoe, Nevada, USA},
 pages = {1--14},
 numpages = {14},
 doi = {10.1145/1869631.1869633},
 acmid = {1869633},
 publisher = {ACM},
 address = {New York, NY, USA},
 keywords = {instruction format, interpreter, python, quickening, reference counting},
}

#######################
# Virtual Machines
#######################
@inproceedings{Deutsch1984,
 author = {Deutsch, L. Peter and Schiffman, Allan M.},
 title = {{Efficient implementation of the smalltalk-80 system}},
 booktitle = {Proceedings of the 11th ACM SIGACT-SIGPLAN symposium on Principles of programming languages},
 series = {POPL '84},
 year = {1984},
 isbn = {0-89791-125-3},
 location = {Salt Lake City, Utah, USA},
 pages = {297--302},
 numpages = {6},
 doi = {10.1145/800017.800542},
 acmid = {800542},
 publisher = {ACM},
 address = {New York, NY, USA},
}

@inproceedings{holzle1991,
  title={Optimizing dynamically-typed object-oriented languages with polymorphic inline caches},
  author={H{\"o}lzle, Urs and Chambers, Craig and Ungar, David},
  booktitle={ECOOP'91 European Conference on Object-Oriented Programming},
  pages={21--38},
  year={1991},
  organization={Springer}
}

#######################
# Oracle Labs
#######################
@inproceedings{Humer+2014,
 author = {Humer, Christian and Wimmer, Christian and Wirth, Christian and W\"{o}\ss, Andreas and W\"{u}rthinger, Thomas},
 title = {A Domain-specific Language for Building Self-optimizing AST Interpreters},
 booktitle = {Proceedings of the 2014 International Conference on Generative Programming: Concepts and Experiences},
 series = {GPCE 2014},
 year = {2014},
 isbn = {978-1-4503-3161-6},
 location = {V\"aster\"ws, Sweden},
 pages = {123--132},
 numpages = {10},
 url = {http://doi.acm.org/10.1145/2658761.2658776},
 doi = {10.1145/2658761.2658776},
 acmid = {2658776},
 publisher = {ACM},
 address = {New York, NY, USA},
 keywords = {Java, domain-specific languages, dynamic languages, language implementation, self-optimizing programs},
}

@inproceedings{Wurthinger+12,
 author = {W\"{u}rthinger, Thomas and W\"{o}\ss, Andreas and Stadler, Lukas and Duboscq, Gilles and Simon, Doug and Wimmer, Christian},
 title = {{Self-optimizing AST Interpreters}},
 booktitle = {Proceedings of the 8th Symposium on Dynamic Languages},
 series = {DLS '12},
 year = {2012},
 isbn = {978-1-4503-1564-7},
 location = {Tucson, Arizona, USA},
 pages = {73--82},
 numpages = {10},
 doi = {10.1145/2384577.2384587},
 acmid = {2384587},
 publisher = {ACM},
 address = {New York, NY, USA},
 keywords = {dynamic languages, java, javascript, language implementation, optimization, virtual machine},
}

@inproceedings{Wurthinger+13,
 author = {W\"{u}rthinger, Thomas and Wimmer, Christian and W\"{o}\ss, Andreas and Stadler, Lukas and Duboscq, Gilles and Humer, Christian and Richards, Gregor and Simon, Doug and Wolczko, Mario},
 title = {{One VM to Rule Them All}},
 booktitle = {Proceedings of the 2013 ACM International Symposium on New Ideas, New Paradigms, and Reflections on Programming \& Software},
 series = {Onward! '13},
 year = {2013},
 isbn = {978-1-4503-2472-4},
 location = {Indianapolis, Indiana, USA},
 pages = {187--204},
 numpages = {18},
 doi = {10.1145/2509578.2509581},
 acmid = {2509581},
 publisher = {ACM},
 address = {New York, NY, USA},
 keywords = {dynamic languages, java, javascript, language implementation, optimization, virtual machine},
}

@article{Wimmer2013,
 author = {Wimmer, Christian and Haupt, Michael and Van De Vanter, Michael L. and Jordan, Mick and Dayn\`{e}s, Laurent and Simon, Douglas},
 title = {Maxine: An Approachable Virtual Machine for, and in, Java},
 journal = {ACM Trans. Archit. Code Optim.},
 issue_date = {January 2013},
 volume = {9},
 number = {4},
 month = jan,
 year = {2013},
 issn = {1544-3566},
 pages = {30:1--30:24},
 articleno = {30},
 numpages = {24},
 url = {http://doi.acm.org/10.1145/2400682.2400689},
 doi = {10.1145/2400682.2400689},
 acmid = {2400689},
 publisher = {ACM},
 address = {New York, NY, USA},
 keywords = {Java, Maxine VM, VM design, VM interfaces, debugging, inspector, metacircular VM, tool support},
}

#############################
# Coroutine stuff
#############################
@article{Liskov1977,
 author = {Liskov, Barbara and Snyder, Alan and Atkinson, Russell and Schaffert, Craig},
 title = {{Abstraction Mechanisms in CLU}},
 journal = {Communications of the ACM},
 issue_date = {Aug. 1977},
 volume = {20},
 number = {8},
 month = aug,
 year = {1977},
 issn = {0001-0782},
 pages = {564--576},
 numpages = {13},
 doi = {10.1145/359763.359789},
 acmid = {359789},
 publisher = {ACM},
 address = {New York, NY, USA},
 keywords = {control abstractions, data abstractions, data types, programming languages, programming methodology, separate compilation},
}

@inproceedings{Atkinson1978CLU,
 author = {Atkinson, Russell R. and Liskov, Barbara H. and Scheifler, Robert W.},
 title = {{Aspects Of Implementing CLU}},
 booktitle = {Proceedings of the 1978 Annual Conference},
 series = {ACM '78},
 year = {1978},
 isbn = {0-89791-000-1},
 location = {Washington, D.C., USA},
 pages = {123--129},
 numpages = {7},
 doi = {10.1145/800127.804079},
 acmid = {804079},
 publisher = {ACM},
 address = {New York, NY, USA},
 keywords = {CLU, Exception handling, Implementation methods, Iterators, Parameterized modules, Programming language},
}

@article{Murer1996,
 author = {Murer, Stephan and Omohundro, Stephen and Stoutamire, David and Szyperski, Clemens},
 title = {{Iteration Abstraction in Sather}},
 journal = {ACM Transactions on Programming Languages and Systems},
 issue_date = {Jan. 1996},
 volume = {18},
 number = {1},
 month = jan,
 year = {1996},
 issn = {0164-0925},
 pages = {1--15},
 numpages = {15},
 doi = {10.1145/225540.225541},
 acmid = {225541},
 publisher = {ACM},
 address = {New York, NY, USA},
 keywords = {Sather, general control structures, iteration abstraction},
}

@article{Griswold1981generators,
 author = {Griswold, Ralph E. and Hanson, David R. and Korb, John T.},
 title = {Generators in Icon},
 journal = {ACM Transactions on Programming Languages and Systems},
 issue_date = {April 1981},
 volume = {3},
 number = {2},
 month = apr,
 year = {1981},
 issn = {0164-0925},
 pages = {144--161},
 numpages = {18},
 doi = {10.1145/357133.357136},
 acmid = {357136},
 publisher = {ACM},
 address = {New York, NY, USA},
}

@article{Grune1977view,
 author = {Grune, Dick},
 title = {{A View of Coroutines}},
 journal = {SIGPLAN Not.},
 issue_date = {July 1977},
 volume = {12},
 number = {7},
 month = jul,
 year = {1977},
 issn = {0362-1340},
 pages = {75--81},
 numpages = {7},
 doi = {10.1145/954639.954644},
 acmid = {954644},
 publisher = {ACM},
 address = {New York, NY, USA},
}


@inproceedings{Liu:2006JMatch,
 author = {Liu, Jed and Kimball, Aaron and Myers, Andrew C.},
 title = {{Interruptible Iterators}},
 booktitle = {Proceedings of the 33rd ACM SIGPLAN-SIGACT Symposium on Principles of Programming Languages},
 series = {POPL '06},
 year = {2006},
 isbn = {1-59593-027-2},
 location = {Charleston, South Carolina, USA},
 pages = {283--294},
 numpages = {12},
 doi = {10.1145/1111037.1111063},
 acmid = {1111063},
 publisher = {ACM},
 address = {New York, NY, USA},
 keywords = {JMatch, Java, coroutine, exception, logic programming},
}

@inproceedings{watt2006technique,
 author = {Watt, Stephen M.},
 title = {{A Technique for Generic Iteration and Its Optimization}},
 booktitle = {Proceedings of the 2006 ACM SIGPLAN Workshop on Generic Programming},
 series = {WGP '06},
 year = {2006},
 isbn = {1-59593-492-8},
 location = {Portland, Oregon, USA},
 pages = {76--86},
 numpages = {11},
 doi = {10.1145/1159861.1159872},
 acmid = {1159872},
 publisher = {ACM},
 address = {New York, NY, USA},
 keywords = {generic program, iterators},
}

@article{de2004coroutines,
  title={{Coroutines in Lua}},
  author={De Moura, Ana L{\'u}cia and Rodriguez, Noemi and Ierusalimschy, Roberto},
  journal={Journal of Universal Computer Science},
  volume={10},
  number={7},
  pages={910--925},
  year={2004}
}

@article{Moura2009,
 author = {Moura, Ana L\'{u}cia De and Ierusalimschy, Roberto},
 title = {{Revisiting Coroutines}},
 journal = {ACM Transactions on Programming Languages and Systems},
 issue_date = {February 2009},
 volume = {31},
 number = {2},
 month = feb,
 year = {2009},
 issn = {0164-0925},
 pages = {6:1--6:31},
 articleno = {6},
 numpages = {31},
 doi = {10.1145/1462166.1462167},
 acmid = {1462167},
 publisher = {ACM},
 address = {New York, NY, USA},
 keywords = {Continuations, generators, multitasking},
}

@inproceedings{Stadler2010,
 author = {Stadler, Lukas and W\"{u}rthinger, Thomas and Wimmer, Christian},
 title = {{Efficient Coroutines for the Java Platform}},
 booktitle = {Proceedings of the 8th International Conference on the Principles and Practice of Programming in Java},
 series = {PPPJ '10},
 year = {2010},
 isbn = {978-1-4503-0269-2},
 location = {Vienna, Austria},
 pages = {20--28},
 numpages = {9},
 doi = {10.1145/1852761.1852765},
 acmid = {1852765},
 publisher = {ACM},
 address = {New York, NY, USA},
 keywords = {Java, activation, coroutine, optimization, performance, stack frame, virtual machine},
}

#######################
# Other
#######################
@misc{benchmarkgame,
    author = {Brent Fulgham},
    title = {The Computer Language Benchmarks Game},
    year = {2002},
    url = {http://http://benchmarksgame.alioth.debian.org/},
    lastaccessed = {January 10th, 2012}
}
